<?xml version="1.0" encoding="utf-8"?>
<Document xmlns="urn:iso:std:iso:20022:tech:xsd:pacs.008.001.02">
  <FIToFICstmrCdtTrf>
    <GrpHdr>
      <MsgId>str1234</MsgId>
      <CreDtTm>2012-12-13T12:12:12</CreDtTm>
      <NbTxs>10</NbOfTxs>
      <TtlIntrBkSttlmAmt Ccy="EUR">100</TtlIntrBkSttlmAmt>
      <IntrBkSttlmDt>2012-12-13</IntrBkSttlmDt>
      <SttlmInf>
        <SttlmMtd>CLRG</SttlmMtd>
      </SttlmInf>
      <PmtTpInf>
        <SvcLvl>
          <Cd>SEPA</Cd>
        </SvcLvl>
        <LclInstrm>
          <Cd>INST</Cd>
        </LclInstrm>
      </PmtTpInf>
    </GrpHdr>
    <CdtTrfTxInf>
      <PmtId>
        <EndToEndId>str1234</EndToEndId>
        <TxId>str1234</TxId>
      </PmtId>
      <IntrBkSttlmAmt Ccy="EUR">200</IntrBkSttlmAmt>
      <AccptncDtTm>2012-12-13T12:12:12</AccptncDtTm>
      <ChrgBr>SLEV</ChrgBr>
      <Dbtr>
        <Nm>str1234</Nm>
      </Dbtr>
      <DbtrAcct>
        <Id>
          <IBAN>FR7630001007941234567890185</IBAN>
        </Id>
      </DbtrAcct>
      <DbtrAgt>
        <FinInstnId>
          <BIC>BOUSFRPPXXX</BIC>
        </FinInstnId>
      </DbtrAgt>
      <CdtrAgt>
        <FinInstnId>
          <BIC>BOUSFRPPXXX</BIC>
        </FinInstnId>
      </CdtrAgt>
      <Cdtr>
        <Nm>str1234</Nm>
      </Cdtr>
      <CdtrAcct>
        <Id>
          <IBAN>FR7630001007941234567890185</IBAN>
        </Id>
      </CdtrAcct>
    </CdtTrfTxInf>
  </FIToFICstmrCdtTrf>
</Document>